@article{Bertoluzza1996AEquations,
    title = {{A Wavelet Collocation Method for the Numerical Solution of Partial Differential Equations}},
    year = {1996},
    journal = {Applied and Computational Harmonic Analysis},
    author = {Bertoluzza, S. and Naldi, G.},
    number = {1},
    month = {1},
    pages = {1--9},
    volume = {3},
    publisher = {Academic Press},
    url = {https://www.sciencedirect.com/science/article/pii/S1063520396900019},
    doi = {10.1006/ACHA.1996.0001},
    issn = {1063-5203}
}

@article{Bazso2013AnValve,
    title = {{An experimental study on the stability of a direct spring loaded poppet relief valve}},
    year = {2013},
    journal = {Journal of Fluids and Structures},
    author = {Bazs{\'{o}}, C. and H{\H{o}}s, C.J.},
    month = {10},
    pages = {456--465},
    volume = {42},
    publisher = {Academic Press},
    url = {https://www.sciencedirect.com/science/article/pii/S0889974613001783},
    doi = {10.1016/J.JFLUIDSTRUCTS.2013.08.008},
    issn = {0889-9746}
}

@techreport{Com2017AndersonValVeS,
    title = {{Anderson Greenwood SerieS 200/400/500/700/800 Pilot oPerated relief ValVeS}},
    year = {2017},
    author = {Com, Emerson and Finalcontrol, /},
    url = {https://www.emerson.com/documents/automation/product-data-sheet-series-200-400-500-700-800-pilot-operated-relief-valves-anderson-greenwood-en-en-5198016.pdf}
}

@techreport{AndersonANGMC,
    title = {{Anderson Greenwood Series 500 POSRV Installation and Maintenance Instructions Emerson reserves the right to change the contents without notice ANGMC}},
    url = {www.valves.emerson.com}
}

@article{Bazso2014BifurcationPipe,
    title = {{Bifurcation Analysis of a Simplified Model of a Pressure Relief Valve Attached to a Pipe}},
    year = {2014},
    journal = {SIAM Journal on Applied Dynamical Systems},
    author = {Bazs{\'{o}}, Csaba and Champneys, Alan R. and H{\"{o}}s, Csaba J.},
    number = {2},
    month = {1},
    pages = {704--721},
    volume = {13},
    publisher = {Society for Industrial and Applied Mathematics},
    url = {http://epubs.siam.org/doi/10.1137/130922598},
    doi = {10.1137/130922598},
    issn = {1536-0040},
    keywords = {34A12, 35B60, 37G15, Neimark--Sacker (torus) bifurcation, grazing bifurcation, impacting oscillation, pressure relief valve, valve chatter}
}

@article{Ye2009DynamicSystem,
    title = {{Dynamic analysis of a pilot-operated two-stage solenoid valve used in pneumatic system}},
    year = {2009},
    journal = {Simulation Modelling Practice and Theory},
    author = {Ye, Qifang and Chen, Jiangping},
    number = {5},
    month = {5},
    pages = {794--816},
    volume = {17},
    publisher = {Elsevier},
    url = {https://www.sciencedirect.com/science/article/pii/S1569190X09000148},
    doi = {10.1016/J.SIMPAT.2009.01.005},
    issn = {1569-190X}
}

@article{Hos2014DynamicMechanisms,
    title = {{Dynamic behavior of direct spring loaded pressure relief valves in gas service: Model development, measurements and instability mechanisms}},
    year = {2014},
    journal = {Journal of Loss Prevention in the Process Industries},
    author = {H{\H{o}}s, C.J. and Champneys, A.R. and Paul, K. and McNeely, M.},
    month = {9},
    pages = {70--81},
    volume = {31},
    publisher = {Elsevier},
    url = {https://www.sciencedirect.com/science/article/pii/S095042301400103X#bib3},
    doi = {10.1016/J.JLP.2014.06.005},
    issn = {0950-4230}
}

@article{Hos2017DynamicRecommendations,
    title = {{Dynamic behaviour of direct spring loaded pressure relief valves connected to inlet piping: IV review and recommendations}},
    year = {2017},
    journal = {Journal of Loss Prevention in the Process Industries},
    author = {H{\H{o}}s, C.J. and Champneys, A.R. and Paul, K. and McNeely, M.},
    month = {7},
    pages = {270--288},
    volume = {48},
    publisher = {Elsevier},
    url = {https://www.sciencedirect.com/science/article/pii/S0950423016304119},
    doi = {10.1016/J.JLP.2017.04.005},
    issn = {0950-4230}
}

@article{Hos2015DynamicModelling,
    title = {{Dynamic behaviour of direct spring loaded pressure relief valves in gas service: II reduced order modelling}},
    year = {2015},
    journal = {Journal of Loss Prevention in the Process Industries},
    author = {H{\H{o}}s, C.J. and Champneys, A.R. and Paul, K. and McNeely, M.},
    month = {7},
    pages = {1--12},
    volume = {36},
    publisher = {Elsevier},
    url = {https://www.sciencedirect.com/science/article/pii/S0950423015001151},
    doi = {10.1016/J.JLP.2015.04.011},
    issn = {0950-4230}
}

@article{Hos2016DynamicService,
    title = {{Dynamic behaviour of direct spring loaded pressure relief valves: III valves in liquid service}},
    year = {2016},
    journal = {Journal of Loss Prevention in the Process Industries},
    author = {H{\H{o}}s, C.J. and Champneys, A.R. and Paul, K. and McNeely, M.},
    month = {9},
    pages = {1--9},
    volume = {43},
    publisher = {Elsevier},
    url = {https://www.sciencedirect.com/science/article/pii/S0950423016300857},
    doi = {10.1016/J.JLP.2016.03.030},
    issn = {0950-4230}
}

@book{Kuznetsov2004ElementsTheory,
    title = {{Elements of applied bifurcation theory}},
    year = {2004},
    author = {Kuznetsov, A. Yuri},
    publisher = {Springer},
    isbn = {0387983821}
}

@article{Hos2012GrazingModel,
    title = {{Grazing bifurcations and chatter in a pressure relief valve model}},
    year = {2012},
    journal = {Physica D: Nonlinear Phenomena},
    author = {H{\H{o}}s, Csaba and Champneys, Alan R.},
    number = {22},
    month = {11},
    pages = {2068--2076},
    volume = {241},
    publisher = {North-Holland},
    url = {https://www.sciencedirect.com/science/article/pii/S0167278911001229},
    doi = {10.1016/J.PHYSD.2011.05.013},
    issn = {0167-2789}
}

@article{Hayashi1995InstabilityCircuit,
    title = {{Instability of Poppet Valve Circuit}},
    year = {1995},
    journal = {JSME international journal. Ser. C, Dynamics, control, robotics, design and manufacturing},
    author = {Hayashi, Satoru},
    number = {3},
    month = {9},
    pages = {357--366},
    volume = {38},
    publisher = {The Japan Society of Mechanical Engineers},
    url = {http://joi.jlc.jst.go.jp/JST.Journalarchive/jsmec1993/38.357?from=CrossRef},
    doi = {10.1299/jsmec1993.38.357},
    issn = {1340-8062},
    keywords = {Chaos, Excited Vibration, Flow, Hydraulics, Induced Vibration, Nonlinear Vibration, Numerical Simulation, Poppet Valve, Self, Stability}
}

@article{Hos2015ModelPipe,
    title = {{Model reduction of a direct spring-loaded pressure relief valve with upstream pipe}},
    year = {2015},
    journal = {IMA Journal of Applied Mathematics},
    author = {H{\H{o}}s, Csaba and Bazs{\'{o}}, Csaba and Champneys, Alan},
    number = {4},
    month = {8},
    pages = {1009--1024},
    volume = {80},
    publisher = {Oxford University Press},
    url = {https://academic.oup.com/imamat/article-lookup/doi/10.1093/imamat/hxu034},
    doi = {10.1093/imamat/hxu034}
}

@techreport{LicskoNonlinearValve,
    title = {{Nonlinear Analysis of a Single Stage Pressure Relief Valve}},
    author = {Licsk{\'{o}}, GÃ¡bor and Champneys, Alan and H{\H{o}}s, Csaba},
    url = {http://www.boschrexroth.com/},
    isbn = {0000000000},
    keywords = {chaos, grazing, piecewise-smooth, relief valve}
}

@article{Zung2002NonlinearDesigners,
    title = {{Nonlinear Dynamic Model of a Two-Stage Pressure Relief Valve for Designers}},
    year = {2002},
    journal = {Journal of Dynamic Systems, Measurement, and Control},
    author = {Zung, Pei-Sun and Perng, Ming-Hwei},
    number = {1},
    month = {3},
    pages = {62},
    volume = {124},
    publisher = {American Society of Mechanical Engineers},
    url = {http://DynamicSystems.asmedigitalcollection.asme.org/article.aspx?articleid=1409344},
    doi = {10.1115/1.1435363},
    issn = {00220434},
    keywords = {Damping, Design, Dimensions, Discharge coefficient, Dynamic models, Flow (Dynamics), Hydraulic drive systems, Manufacturing, Pressure, Pressure drop, Relief valves, Simulation, Solenoids, Steady state, Valves, needles}
}

@article{Kasai1968OnSystem,
    title = {{On the Stability of a Poppet Valve with an Elastic Support : 1st Report, Considering the Effect of the Inlet Piping System}},
    year = {1968},
    journal = {Bulletin of JSME},
    author = {Kasai, Kohji},
    number = {48},
    pages = {1068--1083},
    volume = {11},
    publisher = {The Japan Society of Mechanical Engineers},
    url = {http://joi.jlc.jst.go.jp/JST.Journalarchive/jsme1958/11.1068?from=CrossRef},
    doi = {10.1299/jsme1958.11.1068}
}

@article{Thomann1976OscillationsPipe,
    title = {{Oscillations of a simple valve connected to a pipe}},
    year = {1976},
    journal = {Zeitschrift f{\"{u}}r angewandte Mathematik und Physik ZAMP},
    author = {Thomann, Hans},
    number = {1},
    month = {1},
    pages = {23--40},
    volume = {27},
    publisher = {Birkh{\"{a}}user-Verlag},
    url = {http://link.springer.com/10.1007/BF01595239},
    doi = {10.1007/BF01595239},
    issn = {0044-2275}
}

@techreport{Greenwood2012PentairHandbook,
    title = {{Pentair Pressure Relief Valve Engineering Handbook}},
    year = {2012},
    author = {Greenwood, Anderson and Products, Varec},
    url = {https://www.iomosaic.com/diersweb/docs/pvcmc-0296-us_tcm106-35825.pdf}
}

@article{Erdodi2017PredictionModelling,
    title = {{Prediction of quarter-wave instability in direct spring operated pressure relief valves with upstream piping by means of CFD and reduced order modelling}},
    year = {2017},
    journal = {Journal of Fluids and Structures},
    author = {Erd{\H{o}}di, I. and H{\H{o}}s, C.},
    month = {8},
    pages = {37--52},
    volume = {73},
    publisher = {Academic Press},
    url = {https://www.sciencedirect.com/science/article/pii/S0889974616303784#fig1},
    doi = {10.1016/J.JFLUIDSTRUCTS.2017.05.003}
}

@article{Harvey2019QuantitativeMarking,
    title = {{Quantitative analysis of approaches to group marking}},
    year = {2019},
    journal = {Assessment {\&} Evaluation in Higher Education},
    author = {Harvey, Hugh and Keen, James and Robinson, Chester and Roff, James and Gross, Thilo},
    month = {2},
    pages = {1--15},
    url = {https://www.tandfonline.com/doi/full/10.1080/02602938.2019.1572069},
    doi = {10.1080/02602938.2019.1572069},
    issn = {0260-2938}
}

@book{Societefrancaisedenergienucleaire.1975RevueNucleaire.,
    title = {{Revue generale nucleaire.}},
    year = {1975},
    author = {{SocieÌteÌ francÌ§aise d'eÌnergie nucleÌaire.}},
    publisher = {Societe francaise d'energie nucleaire},
    url = {https://inis.iaea.org/search/search.aspx?orig_q=RN:42010276},
    issn = {0335-5004}
}

@article{Botros1997Riser-ReliefInteractions,
    title = {{Riser-Relief Valve Dynamic Interactions}},
    year = {1997},
    journal = {Journal of Fluids Engineering},
    author = {Botros, K. K. and Dunn, G. H. and Hrycyk, J. A.},
    number = {3},
    month = {9},
    pages = {671},
    volume = {119},
    publisher = {American Society of Mechanical Engineers},
    url = {http://FluidsEngineering.asmedigitalcollection.asme.org/article.aspx?articleid=1428478},
    doi = {10.1115/1.2819297},
    issn = {00982202},
    keywords = {Boundary-value problems, Compressors, Dynamic stability, Equations, Equations of motion, Flow (Dynamics), Manufacturing, Measurement, Natural gas, Oscillations, Pipeline risers, Pistons, Pressure, Relief valves, Valves}
}

@article{Botros1998Riser-ReliefModel,
    title = {{Riser-Relief Valve Dynamic Interactions (Extension to a Previous Model)}},
    year = {1998},
    journal = {Journal of Pressure Vessel Technology},
    author = {Botros, K. K. and Dunn, G. H. and Hrycyk, J. A.},
    number = {2},
    month = {5},
    pages = {207},
    volume = {120},
    publisher = {American Society of Mechanical Engineers},
    url = {http://PressureVesselTech.asmedigitalcollection.asme.org/article.aspx?articleid=1457570},
    doi = {10.1115/1.2842242},
    issn = {00949930},
    keywords = {Dynamic stability, Lubricants, Measurement, Mechanisms, Mirrors, Oscillating frequencies, Oscillations, Pipeline risers, Pistons, Relief valves, Resonance, Simulation results, Valves, Waves, Wedges}
}

@article{Allison2015TestingValves,
    title = {{Testing and Modeling of an Acoustic Instability in Pilot-Operated Pressure Relief Valves}},
    year = {2015},
    journal = {Journal of Engineering for Gas Turbines and Power},
    author = {Allison, Timothy C. and Brun, Klaus},
    number = {5},
    month = {11},
    pages = {052401},
    volume = {138},
    publisher = {American Society of Mechanical Engineers},
    url = {http://gasturbinespower.asmedigitalcollection.asme.org/article.aspx?doi=10.1115/1.4031623},
    doi = {10.1115/1.4031623},
    keywords = {Acoustics, Chatter, Damage, Domes (Structural elements), Failure, Flow (Dynamics), Modeling, Oscillations, Pipeline risers, Pipes, Piping systems, Pistons, Pressure, Relief valves, Risers (Casting), Springs, Testing, Valves}
}

@techreport{ErdodiTheEstimation,
    title = {{The blowdown effect in direct spring operated pressure relief valves; qualitative explanation and quantitative estimation}},
    author = {Erd{\H{o}}di, I. and H{\H{o}}s, C J and Champneys, A R},
    keywords = {Blowdown, Chatter, Pressure relief valve, Stability}
}

@article{Darby2013TheModel,
    title = {{The dynamic response of pressure relief valves in vapor or gas service, part I: Mathematical model}},
    year = {2013},
    journal = {Journal of Loss Prevention in the Process Industries},
    author = {Darby, Ron},
    number = {6},
    month = {11},
    pages = {1262--1268},
    volume = {26},
    publisher = {Elsevier},
    url = {https://www.sciencedirect.com/science/article/pii/S0950423013001356},
    doi = {10.1016/J.JLP.2013.07.004},
    issn = {0950-4230}
}